@article {BM,
    AUTHOR = {Be\u\i linson, A. A. and Manin, Yu. I.},
     TITLE = {The {M}umford form and the {P}olyakov measure in string
              theory},
   JOURNAL = {Comm. Math. Phys.},
  FJOURNAL = {Communications in Mathematical Physics},
    VOLUME = {107},
      YEAR = {1986},
    NUMBER = {3},
     PAGES = {359--376},
      ISSN = {0010-3616},
   MRCLASS = {32L05 (14H15 32G15 81E13)},
  MRNUMBER = {866195},
MRREVIEWER = {Daniel S. Freed},
       URL = {http://projecteuclid.org/euclid.cmp/1104116138},
}
@article {Bochicchio,
    AUTHOR = {Bochicchio, Marco},
     TITLE = {Gauge fixing for the field theory of the bosonic string},
   JOURNAL = {Phys. Lett. B},
  FJOURNAL = {Physics Letters. B. Particle Physics, Nuclear Physics and
              Cosmology},
    VOLUME = {193},
      YEAR = {1987},
    NUMBER = {1},
     PAGES = {31--36},
      ISSN = {0370-2693},
   MRCLASS = {81E99 (81E30)},
  MRNUMBER = {899933},
       URL = {https://doi.org/10.1016/0370-2693(87)90451-5},
}
@incollection {MR1318058,
    AUTHOR = {Brandt, Friedemann and Troost, Walter and Van Proeyen,
              Antoine},
     TITLE = {B{RST}-antibracket cohomology in {$2$}d conformal gravity},
 BOOKTITLE = {Geometry of constrained dynamical systems ({C}ambridge, 1994)},
     PAGES = {264--276},
 PUBLISHER = {Cambridge Univ. Press, Cambridge},
      YEAR = {1995},
   MRCLASS = {81T70 (81T40)},
  MRNUMBER = {1318058},
}
@incollection {MR931592,
    AUTHOR = {Callan, Jr., Curtis G.},
     TITLE = {Strings in background fields},
 BOOKTITLE = {Unification of fundamental interactions ({M}arstrand, 1986)},
     PAGES = {114--117},
 PUBLISHER = {Royal Swedish Acad. Sci., Stockholm},
      YEAR = {1987},
   MRCLASS = {81E20 (81E30 83E30)},
  MRNUMBER = {931592},
}
@incollection {MR915564,
    AUTHOR = {Fradkin, E. S. and Tseytlin, A. A.},
     TITLE = {Effective action in superstring theory},
 BOOKTITLE = {V{III}th international congress on mathematical physics
              ({M}arseille, 1986)},
     PAGES = {92--105},
 PUBLISHER = {World Sci. Publishing, Singapore},
      YEAR = {1987},
   MRCLASS = {81E13 (81E30)},
  MRNUMBER = {915564},
}
@book {BZF,
    AUTHOR = {Frenkel, Edward and Ben-Zvi, David},
     TITLE = {Vertex algebras and algebraic curves},
    SERIES = {Mathematical Surveys and Monographs},
    VOLUME = {88},
 PUBLISHER = {American Mathematical Society, Providence, RI},
      YEAR = {2001},
     PAGES = {xii+348},
      ISBN = {0-8218-2894-0},
   MRCLASS = {17B69 (14D21 14H81 17B67 17B68 81R10 81T40)},
  MRNUMBER = {1849359},
MRREVIEWER = {Dra\v zen Adamovi\'c},
       URL = {https://doi.org/10.1090/surv/088},
}
@article {FHL,
    AUTHOR = {Frenkel, Igor B. and Huang, Yi-Zhi and Lepowsky, James},
     TITLE = {On axiomatic approaches to vertex operator algebras and
              modules},
   JOURNAL = {Mem. Amer. Math. Soc.},
  FJOURNAL = {Memoirs of the American Mathematical Society},
    VOLUME = {104},
      YEAR = {1993},
    NUMBER = {494},
     PAGES = {viii+64},
      ISSN = {0065-9266},
   MRCLASS = {17B37},
  MRNUMBER = {1142494},
MRREVIEWER = {Chong Ying Dong},
       URL = {https://doi.org/10.1090/memo/0494},
}
@article {MR859166,
    AUTHOR = {Ichinose, Ikuo and Sakita, B.},
     TITLE = {Vertex operators of closed bosonic string},
   JOURNAL = {Phys. Lett. B},
  FJOURNAL = {Physics Letters. B. Particle Physics, Nuclear Physics and
              Cosmology},
    VOLUME = {175},
      YEAR = {1986},
    NUMBER = {4},
     PAGES = {423--427},
      ISSN = {0370-2693},
   MRCLASS = {81E20 (81D07)},
  MRNUMBER = {859166},
       URL = {https://doi.org/10.1016/0370-2693(86)90617-9},
}
@article {MR2955933,
    AUTHOR = {Li, Si},
     TITLE = {Feynman graph integrals and almost modular forms},
   JOURNAL = {Commun. Number Theory Phys.},
  FJOURNAL = {Communications in Number Theory and Physics},
    VOLUME = {6},
      YEAR = {2012},
    NUMBER = {1},
     PAGES = {129--157},
      ISSN = {1931-4523},
   MRCLASS = {81Q30 (11F03 11F37)},
  MRNUMBER = {2955933},
MRREVIEWER = {Domenico Fiorenza},
       URL = {https://doi.org/10.4310/CNTP.2012.v6.n1.a3},
}
@article {LZ1,
    AUTHOR = {Lian, Bong H. and Zuckerman, Gregg J.},
     TITLE = {New perspectives on the {BRST}-algebraic structure of string
              theory},
   JOURNAL = {Comm. Math. Phys.},
  FJOURNAL = {Communications in Mathematical Physics},
    VOLUME = {154},
      YEAR = {1993},
    NUMBER = {3},
     PAGES = {613--646},
      ISSN = {0010-3616},
   MRCLASS = {81T70 (17B81 18G99 55P99 55S30 57T99 81R10 81T30)},
  MRNUMBER = {1224094},
MRREVIEWER = {J. Stasheff},
       URL = {http://projecteuclid.org/euclid.cmp/1104253081},
}

@incollection {LZ2,
    AUTHOR = {Lian, Bong H. and Zuckerman, Gregg J.},
     TITLE = {Algebraic and geometric structures in string backgrounds},
 BOOKTITLE = {Strings '95 ({L}os {A}ngeles, {CA}, 1995)},
     PAGES = {323--335},
 PUBLISHER = {World Sci. Publ., River Edge, NJ},
      YEAR = {1996},
   MRCLASS = {81T70 (17B56 81R10 81T30)},
  MRNUMBER = {1660720},
}

@article {LMZ,
    AUTHOR = {Losev, Andrei S. and Marshakov, Andrei and Zeitlin, Anton M.},
     TITLE = {On first-order formalism in string theory},
   JOURNAL = {Phys. Lett. B},
  FJOURNAL = {Physics Letters. B. Particle Physics, Nuclear Physics and
              Cosmology},
    VOLUME = {633},
      YEAR = {2006},
    NUMBER = {2-3},
     PAGES = {375--381},
      ISSN = {0370-2693},
   MRCLASS = {81T30},
  MRNUMBER = {2198165},
       URL = {https://doi.org/10.1016/j.physletb.2005.12.010},
}
@incollection {MR2372575,
    AUTHOR = {Mason, Geoffrey and Tuite, Michael P.},
     TITLE = {Chiral algebras and partition functions},
 BOOKTITLE = {Lie algebras, vertex operator algebras and their applications},
    SERIES = {Contemp. Math.},
    VOLUME = {442},
     PAGES = {401--410},
 PUBLISHER = {Amer. Math. Soc., Providence, RI},
      YEAR = {2007},
   MRCLASS = {81R10 (11F46 11Z05 81T30)},
  MRNUMBER = {2372575},
MRREVIEWER = {Lee-Peng Teo},
       URL = {https://doi.org/10.1090/conm/442/08538},
}
@article {MR623209,
    AUTHOR = {Polyakov, A. M.},
     TITLE = {Quantum geometry of bosonic strings},
   JOURNAL = {Phys. Lett. B},
  FJOURNAL = {Physics Letters. B},
    VOLUME = {103},
      YEAR = {1981},
    NUMBER = {3},
     PAGES = {207--210},
      ISSN = {0031-9163},
   MRCLASS = {81E99 (58D30 81G05 82A68)},
  MRNUMBER = {623209},
       URL = {https://doi.org/10.1016/0370-2693(81)90743-7},
}
@inproceedings {MR1225176,
    AUTHOR = {Voronov, Alexander A.},
     TITLE = {B{RST} cohomology: a new derived functor},
 BOOKTITLE = {Proceedings of the {XX}th {I}nternational {C}onference on
              {D}ifferential {G}eometric {M}ethods in {T}heoretical
              {P}hysics, {V}ol.\ 1, 2 ({N}ew {Y}ork, 1991)},
     PAGES = {905--912},
 PUBLISHER = {World Sci. Publ., River Edge, NJ},
      YEAR = {1992},
   MRCLASS = {17B56},
  MRNUMBER = {1225176},
}
@article {WittenTop,
    AUTHOR = {Witten, Edward},
     TITLE = {Topological quantum field theory},
   JOURNAL = {Comm. Math. Phys.},
  FJOURNAL = {Communications in Mathematical Physics},
    VOLUME = {117},
      YEAR = {1988},
    NUMBER = {3},
     PAGES = {353--386},
      ISSN = {0010-3616},
   MRCLASS = {57R55 (58A10 58F30 58G30 81E99)},
  MRNUMBER = {953828},
MRREVIEWER = {Daniel S. Freed},
       URL = {http://projecteuclid.org/euclid.cmp/1104161738},
}
@incollection {WitString,
    AUTHOR = {Witten, Edward},
     TITLE = {Notes on holomorphic string and superstring theory measures of
              low genus},
 BOOKTITLE = {Analysis, complex geometry, and mathematical physics: in honor
              of {D}uong {H}. {P}hong},
    SERIES = {Contemp. Math.},
    VOLUME = {644},
     PAGES = {307--359},
 PUBLISHER = {Amer. Math. Soc., Providence, RI},
      YEAR = {2015},
   MRCLASS = {81T30 (14M30 32C11 58A50)},
  MRNUMBER = {3372474},
MRREVIEWER = {Frederik Witt},
       URL = {https://doi.org/10.1090/conm/644/12786},
}
@book {polchinski,
    AUTHOR = {Polchinski, Joseph},
     TITLE = {String theory. {V}ol. {I}},
    SERIES = {Cambridge Monographs on Mathematical Physics},
      NOTE = {An introduction to the bosonic string},
 PUBLISHER = {Cambridge University Press, Cambridge},
      YEAR = {1998},
     PAGES = {xx+401},
      ISBN = {0-521-63303-6},
   MRCLASS = {81T30 (81-01 81-02 83E30)},
  MRNUMBER = {1648555},
MRREVIEWER = {Angel Maria Uranga},
       URL = {https://doi.org/10.1017/CBO9780511618123},
}

@unpublished{GJF, 
AUTHOR = {Gwilliam, Owen and Johnson-Freyd, Theo},
TITLE = {How to derive Feynman diagrams for finite-dimensional integrals directly from the BV formalism},
NOTE = {available at \url{https://arxiv.org/abs/1202.1554}}
}

@book {CosBook,
    AUTHOR = {Costello, Kevin},
     TITLE = {Renormalization and effective field theory},
    SERIES = {Mathematical Surveys and Monographs},
    VOLUME = {170},
 PUBLISHER = {American Mathematical Society, Providence, RI},
      YEAR = {2011},
     PAGES = {viii+251},
      ISBN = {978-0-8218-5288-0},
   MRCLASS = {81T15 (58J90 81Q30 81T13 81T17 81T18 81T70)},
  MRNUMBER = {2778558},
MRREVIEWER = {Domenico Fiorenza},
       URL = {https://doi.org/10.1090/surv/170},
}

@unpublished{GGW,
AUTHOR = {Gwilliam, Owen and Gorbounov, Vassily and Williams, Brian},
TITLE = {{C}hiral differential operators via {B}atalin-{V}ilkovisky quantization},
Note = {available at \url{https://arxiv.org/abs/1610.09657}},
}

@unpublished {wg2,
   AUTHOR = {Costello, Kevin},
     TITLE = {A geometric construction of the {W}itten genus, {II}},
 NOTE = {available at \url{http://arxiv.org/abs/1112.0816}},
}

@book {IAScourse,
     TITLE = {Quantum fields and strings: a course for mathematicians.
              {V}ol. 1, 2},
    EDITOR = {Deligne, Pierre and Etingof, Pavel and Freed, Daniel S. and
              Jeffrey, Lisa C. and Kazhdan, David and Morgan, John W. and
              Morrison, David R. and Witten, Edward},
      NOTE = {Material from the Special Year on Quantum Field Theory held at
              the Institute for Advanced Study, Princeton, NJ, 1996--1997},
 PUBLISHER = {American Mathematical Society, Providence, RI; Institute for
              Advanced Study (IAS), Princeton, NJ},
      YEAR = {1999},
     PAGES = {Vol. 1: xxii+723 pp.; Vol. 2: pp. i--xxiv and 727--1501},
      ISBN = {0-8218-1198-3},
   MRCLASS = {81-06 (81T30 81Txx)},
  MRNUMBER = {1701618},
}

@book {Fuks,
    AUTHOR = {Fuks, D. B.},
     TITLE = {Cohomology of infinite-dimensional {L}ie algebras},
    SERIES = {Contemporary Soviet Mathematics},
      NOTE = {Translated from the Russian by A. B. Sosinski\u\i },
 PUBLISHER = {Consultants Bureau, New York},
      YEAR = {1986},
     PAGES = {xii+339},
      ISBN = {0-306-10990-5},
   MRCLASS = {17-02 (17B56 17B65)},
  MRNUMBER = {874337},
}

@article {GK,
    AUTHOR = {Gelfand, I. M. and Ka\v{z}dan, D. A.},
     TITLE = {Certain questions of differential geometry and the computation
              of the cohomologies of the {L}ie algebras of vector fields},
   JOURNAL = {Dokl. Akad. Nauk SSSR},
  FJOURNAL = {Doklady Akademii Nauk SSSR},
    VOLUME = {200},
      YEAR = {1971},
     PAGES = {269--272},
      ISSN = {0002-3264},
   MRCLASS = {57.34},
  MRNUMBER = {0287566},
MRREVIEWER = {A. Verona},
}

@book {CG1,
    AUTHOR = {Costello, Kevin and Gwilliam, Owen},
     TITLE = {Factorization algebras in quantum field theory. {V}ol. 1},
    SERIES = {New Mathematical Monographs},
    VOLUME = {31},
 PUBLISHER = {Cambridge University Press, Cambridge},
      YEAR = {2017},
     PAGES = {ix+387},
      ISBN = {978-1-107-16310-2},
   MRCLASS = {81-01 (17B69 18D50 53D55 81R05 81R10)},
  MRNUMBER = {3586504},
       DOI = {10.1017/9781316678626},
       URL = {http://dx.doi.org/10.1017/9781316678626},
}

@unpublished {CG2,
   AUTHOR = {Costello, Kevin and Gwilliam, Owen},
   TITLE = {Factorization algebras in quantum field theory, {V}olume 2.},
   NOTE = {available at \url{http://people.mpim-bonn.mpg.de/gwilliam}},
}

@unpublished {GH,
   AUTHOR = {Gwilliam, Owen and Haugseng, Rune},
   TITLE = {{L}inear {B}atalin-{V}ilkovisky quantization as a functor of $\infty$-categories},
   NOTE = {available at \url{https://arxiv.org/abs/1608.01290}},
}

@unpublished{GWcurved,
AUTHOR = {Gwilliam, Owen and Williams, Brian},
TITLE = {{T}he holomorphic bosonic string, {I}{I}: the case of a curved target},
NOTE = {to appear}
}

@unpublished{LiVA,
AUTHOR = {Li, Si},
TITLE = {Vertex algebras and quantum master equation},
NOTE={available at \url{https://arxiv.org/abs/1612.01292}}
}

@unpublished {Lurie,
    AUTHOR = {Lurie, Jacob},
     TITLE = {Higher {A}lgebra},
NOTE = {available at \url{http://www.math.harvard.edu/~lurie/papers/higheralgebra.pdf}},
}

@article {LL1,
    AUTHOR = {Li, Qin and Li, Si},
     TITLE = {On the {B}-twisted topological sigma model and {C}alabi-{Y}au
              geometry},
   JOURNAL = {J. Differential Geom.},
  FJOURNAL = {Journal of Differential Geometry},
    VOLUME = {102},
      YEAR = {2016},
    NUMBER = {3},
     PAGES = {409--484},
      ISSN = {0022-040X},
   MRCLASS = {53D50 (53D37)},
  MRNUMBER = {3466804},
       URL = {http://projecteuclid.org/euclid.jdg/1456754015},
}

@article {GG1,
    AUTHOR = {Gwilliam, Owen and Grady, Ryan},
     TITLE = {One-dimensional {C}hern-{S}imons theory and the {$\hat A$}
              genus},
   JOURNAL = {Algebr. Geom. Topol.},
  FJOURNAL = {Algebraic \& Geometric Topology},
    VOLUME = {14},
      YEAR = {2014},
    NUMBER = {4},
     PAGES = {2299--2377},
      ISSN = {1472-2747},
   MRCLASS = {57R56 (18G55 58J20)},
  MRNUMBER = {3331615},
MRREVIEWER = {Sergiy Koshkin},
       DOI = {10.2140/agt.2014.14.2299},
       URL = {http://dx.doi.org/10.2140/agt.2014.14.2299},
}
@article {GLL,
    AUTHOR = {Grady, Ryan E. and Li, Qin and Li, Si},
     TITLE = {Batalin-{V}ilkovisky quantization and the algebraic index},
   JOURNAL = {Adv. Math.},
  FJOURNAL = {Advances in Mathematics},
    VOLUME = {317},
      YEAR = {2017},
     PAGES = {575--639},
      ISSN = {0001-8708},
   MRCLASS = {53D55 (58J20 81Q30 81T15)},
  MRNUMBER = {3682678},
       DOI = {10.1016/j.aim.2017.07.007},
       URL = {http://dx.doi.org/10.1016/j.aim.2017.07.007},
}

@article {BWvir,
    AUTHOR = {Williams, Brian},
     TITLE = {The {V}irasoro vertex algebra and factorization algebras on
              {R}iemann surfaces},
   JOURNAL = {Lett. Math. Phys.},
  FJOURNAL = {Letters in Mathematical Physics},
    VOLUME = {107},
      YEAR = {2017},
    NUMBER = {12},
     PAGES = {2189--2237},
      ISSN = {0377-9017},
   MRCLASS = {81R10 (17B65 18G55)},
  MRNUMBER = {3719639},
       URL = {https://doi.org/10.1007/s11005-017-0982-7},
}

@article {DP,
    AUTHOR = {D'Hoker, Eric and Phong, D. H.},
     TITLE = {The geometry of string perturbation theory},
   JOURNAL = {Rev. Modern Phys.},
  FJOURNAL = {Reviews of Modern Physics},
    VOLUME = {60},
      YEAR = {1988},
    NUMBER = {4},
     PAGES = {917--1065},
      ISSN = {0034-6861},
   MRCLASS = {81E99 (32G15 58D30 81-02 81E30)},
  MRNUMBER = {969998},
MRREVIEWER = {Olaf Lechtenfeld},
       URL = {https://doi.org/10.1103/RevModPhys.60.917},
}

@article {WittenFeynman,
    AUTHOR = {Witten, Edward},
     TITLE = {The {F}eynman {$i\epsilon$} in string theory},
   JOURNAL = {J. High Energy Phys.},
  FJOURNAL = {Journal of High Energy Physics},
      YEAR = {2015},
    NUMBER = {4},
     PAGES = {055, front matter+24},
      ISSN = {1126-6708},
   MRCLASS = {81T30},
  MRNUMBER = {3351314},
MRREVIEWER = {Frederik Witt},
}

@book {GSW1,
    AUTHOR = {Green, Michael B. and Schwarz, John H. and Witten, Edward},
     TITLE = {Superstring theory. {V}ol. 1. {I}ntroduction},
   EDITION = {anniversary},
 PUBLISHER = {Cambridge University Press, Cambridge},
      YEAR = {2012},
     PAGES = {x+470},
      ISBN = {978-1-107-02911-8},
   MRCLASS = {81-02 (81T30 83-02 83E30)},
  MRNUMBER = {3155203},
MRREVIEWER = {Douglas J. Smith},
}

@book {GSW2,
    AUTHOR = {Green, Michael B. and Schwarz, John H. and Witten, Edward},
     TITLE = {Superstring theory. {V}ol. 2. {L}oop amplitudes, anomalies and
              phenomenology},
   EDITION = {anniversary},
 PUBLISHER = {Cambridge University Press, Cambridge},
      YEAR = {2012},
     PAGES = {xii+596},
      ISBN = {978-1-107-02913-2},
   MRCLASS = {81-02 (81T30 83-02 83E30)},
  MRNUMBER = {3155202},
MRREVIEWER = {Douglas J. Smith},
}

@article {Scherk,
    AUTHOR = {Scherk, J.},
     TITLE = {An introduction to the theory of dual models and strings},
   JOURNAL = {Rev. Modern Phys.},
  FJOURNAL = {Reviews of Modern Physics},
    VOLUME = {47},
      YEAR = {1975},
     PAGES = {123--164},
      ISSN = {0034-6861},
   MRCLASS = {81.47},
  MRNUMBER = {0459409},
MRREVIEWER = {John McEwan},
       URL = {https://doi.org/10.1103/RevModPhys.47.123},
}


@article {CFMP,
    AUTHOR = {Callan, C. G. and Friedan, D. and Martinec, E. J. and Perry,
              M. J.},
     TITLE = {Strings in background fields},
   JOURNAL = {Nuclear Phys. B},
  FJOURNAL = {Nuclear Physics. B. Theoretical, Phenomenological, and
              Experimental High Energy Physics. Quantum Field Theory and
              Statistical Systems},
    VOLUME = {262},
      YEAR = {1985},
    NUMBER = {4},
     PAGES = {593--609},
      ISSN = {0550-3213},
   MRCLASS = {81E20 (83E15)},
  MRNUMBER = {819433},
MRREVIEWER = {Rainald Flume},
       URL = {https://doi.org/10.1016/0550-3213(85)90506-1},
}

@Unpublished{Scheim,
  Title                    = {Factorization homology as a fully extended topological field theory},
  Author                   = {Scheimbauer, Claudia},
  Note                     = { on \url{https://people.maths.ox.ac.uk/scheimbauer/ScheimbauerThesis.pdf}}
}

@article {Getzler,
    AUTHOR = {Getzler, E.},
     TITLE = {Batalin-{V}ilkovisky algebras and two-dimensional topological
              field theories},
   JOURNAL = {Comm. Math. Phys.},
  FJOURNAL = {Communications in Mathematical Physics},
    VOLUME = {159},
      YEAR = {1994},
    NUMBER = {2},
     PAGES = {265--285},
      ISSN = {0010-3616},
   MRCLASS = {81T70 (17B81 55Q99 58Z05 81T40)},
  MRNUMBER = {1256989},
MRREVIEWER = {J. Stasheff},
       URL = {http://projecteuclid.org/euclid.cmp/1104254599},
}

@article {WittenDescent,
    AUTHOR = {Witten, Edward and Zwiebach, Barton},
     TITLE = {Algebraic structures and differential geometry in
              two-dimensional string theory},
   JOURNAL = {Nuclear Phys. B},
  FJOURNAL = {Nuclear Physics. B. Theoretical, Phenomenological, and
              Experimental High Energy Physics. Quantum Field Theory and
              Statistical Systems},
    VOLUME = {377},
      YEAR = {1992},
    NUMBER = {1-2},
     PAGES = {55--112},
      ISSN = {0550-3213},
   MRCLASS = {81T70 (17B56 17B81 58Z05 81T13 81T30)},
  MRNUMBER = {1168630},
MRREVIEWER = {Andrew R. Kavalov},
       URL = {https://doi.org/10.1016/0550-3213(92)90018-7},
}

@incollection {Dijk,
    AUTHOR = {Dijkgraaf, Robbert and Verlinde, Herman and Verlinde, Erik},
     TITLE = {Notes on topological string theory and {$2$}{D} quantum
              gravity},
 BOOKTITLE = {String theory and quantum gravity ({T}rieste, 1990)},
     PAGES = {91--156},
 PUBLISHER = {World Sci. Publ., River Edge, NJ},
      YEAR = {1991},
   MRCLASS = {81T40 (58F07 81-02 81T05 81T30)},
  MRNUMBER = {1164017},
MRREVIEWER = {Alexander W. Smith},
}

@article{GGLA, 
title={Lie algebroids as ${L}_{\infty}$ spaces}, 
DOI={10.1017/S1474748018000075}, 
journal={Journal of the Institute of Mathematics of Jussieu}, 
publisher={Cambridge University Press}, 
author={Grady, Ryan and Gwilliam, Owen}, 
year={2018}, 
pages={1?49}}