@article {MR866195,
    AUTHOR = {Be\u\i linson, A. A. and Manin, Yu. I.},
     TITLE = {The {M}umford form and the {P}olyakov measure in string
              theory},
   JOURNAL = {Comm. Math. Phys.},
  FJOURNAL = {Communications in Mathematical Physics},
    VOLUME = {107},
      YEAR = {1986},
    NUMBER = {3},
     PAGES = {359--376},
      ISSN = {0010-3616},
   MRCLASS = {32L05 (14H15 32G15 81E13)},
  MRNUMBER = {866195},
MRREVIEWER = {Daniel S. Freed},
       URL = {http://projecteuclid.org/euclid.cmp/1104116138},
}
@article {MR899933,
    AUTHOR = {Bochicchio, Marco},
     TITLE = {Gauge fixing for the field theory of the bosonic string},
   JOURNAL = {Phys. Lett. B},
  FJOURNAL = {Physics Letters. B. Particle Physics, Nuclear Physics and
              Cosmology},
    VOLUME = {193},
      YEAR = {1987},
    NUMBER = {1},
     PAGES = {31--36},
      ISSN = {0370-2693},
   MRCLASS = {81E99 (81E30)},
  MRNUMBER = {899933},
       URL = {https://doi.org/10.1016/0370-2693(87)90451-5},
}
@incollection {MR1318058,
    AUTHOR = {Brandt, Friedemann and Troost, Walter and Van Proeyen,
              Antoine},
     TITLE = {B{RST}-antibracket cohomology in {$2$}d conformal gravity},
 BOOKTITLE = {Geometry of constrained dynamical systems ({C}ambridge, 1994)},
     PAGES = {264--276},
 PUBLISHER = {Cambridge Univ. Press, Cambridge},
      YEAR = {1995},
   MRCLASS = {81T70 (81T40)},
  MRNUMBER = {1318058},
}
@incollection {MR931592,
    AUTHOR = {Callan, Jr., Curtis G.},
     TITLE = {Strings in background fields},
 BOOKTITLE = {Unification of fundamental interactions ({M}arstrand, 1986)},
     PAGES = {114--117},
 PUBLISHER = {Royal Swedish Acad. Sci., Stockholm},
      YEAR = {1987},
   MRCLASS = {81E20 (81E30 83E30)},
  MRNUMBER = {931592},
}
@incollection {MR915564,
    AUTHOR = {Fradkin, E. S. and Tseytlin, A. A.},
     TITLE = {Effective action in superstring theory},
 BOOKTITLE = {V{III}th international congress on mathematical physics
              ({M}arseille, 1986)},
     PAGES = {92--105},
 PUBLISHER = {World Sci. Publishing, Singapore},
      YEAR = {1987},
   MRCLASS = {81E13 (81E30)},
  MRNUMBER = {915564},
}
@book {MR1849359,
    AUTHOR = {Frenkel, Edward and Ben-Zvi, David},
     TITLE = {Vertex algebras and algebraic curves},
    SERIES = {Mathematical Surveys and Monographs},
    VOLUME = {88},
 PUBLISHER = {American Mathematical Society, Providence, RI},
      YEAR = {2001},
     PAGES = {xii+348},
      ISBN = {0-8218-2894-0},
   MRCLASS = {17B69 (14D21 14H81 17B67 17B68 81R10 81T40)},
  MRNUMBER = {1849359},
MRREVIEWER = {Dra\v zen Adamovi\'c},
       URL = {https://doi.org/10.1090/surv/088},
}
@article {MR1142494,
    AUTHOR = {Frenkel, Igor B. and Huang, Yi-Zhi and Lepowsky, James},
     TITLE = {On axiomatic approaches to vertex operator algebras and
              modules},
   JOURNAL = {Mem. Amer. Math. Soc.},
  FJOURNAL = {Memoirs of the American Mathematical Society},
    VOLUME = {104},
      YEAR = {1993},
    NUMBER = {494},
     PAGES = {viii+64},
      ISSN = {0065-9266},
   MRCLASS = {17B37},
  MRNUMBER = {1142494},
MRREVIEWER = {Chong Ying Dong},
       URL = {https://doi.org/10.1090/memo/0494},
}
@article {MR859166,
    AUTHOR = {Ichinose, Ikuo and Sakita, B.},
     TITLE = {Vertex operators of closed bosonic string},
   JOURNAL = {Phys. Lett. B},
  FJOURNAL = {Physics Letters. B. Particle Physics, Nuclear Physics and
              Cosmology},
    VOLUME = {175},
      YEAR = {1986},
    NUMBER = {4},
     PAGES = {423--427},
      ISSN = {0370-2693},
   MRCLASS = {81E20 (81D07)},
  MRNUMBER = {859166},
       URL = {https://doi.org/10.1016/0370-2693(86)90617-9},
}
@article {MR2955933,
    AUTHOR = {Li, Si},
     TITLE = {Feynman graph integrals and almost modular forms},
   JOURNAL = {Commun. Number Theory Phys.},
  FJOURNAL = {Communications in Number Theory and Physics},
    VOLUME = {6},
      YEAR = {2012},
    NUMBER = {1},
     PAGES = {129--157},
      ISSN = {1931-4523},
   MRCLASS = {81Q30 (11F03 11F37)},
  MRNUMBER = {2955933},
MRREVIEWER = {Domenico Fiorenza},
       URL = {https://doi.org/10.4310/CNTP.2012.v6.n1.a3},
}
@article {MR1224094,
    AUTHOR = {Lian, Bong H. and Zuckerman, Gregg J.},
     TITLE = {New perspectives on the {BRST}-algebraic structure of string
              theory},
   JOURNAL = {Comm. Math. Phys.},
  FJOURNAL = {Communications in Mathematical Physics},
    VOLUME = {154},
      YEAR = {1993},
    NUMBER = {3},
     PAGES = {613--646},
      ISSN = {0010-3616},
   MRCLASS = {81T70 (17B81 18G99 55P99 55S30 57T99 81R10 81T30)},
  MRNUMBER = {1224094},
MRREVIEWER = {J. Stasheff},
       URL = {http://projecteuclid.org/euclid.cmp/1104253081},
}
@article {MR2198165,
    AUTHOR = {Losev, Andrei S. and Marshakov, Andrei and Zeitlin, Anton M.},
     TITLE = {On first-order formalism in string theory},
   JOURNAL = {Phys. Lett. B},
  FJOURNAL = {Physics Letters. B. Particle Physics, Nuclear Physics and
              Cosmology},
    VOLUME = {633},
      YEAR = {2006},
    NUMBER = {2-3},
     PAGES = {375--381},
      ISSN = {0370-2693},
   MRCLASS = {81T30},
  MRNUMBER = {2198165},
       URL = {https://doi.org/10.1016/j.physletb.2005.12.010},
}
@incollection {MR2372575,
    AUTHOR = {Mason, Geoffrey and Tuite, Michael P.},
     TITLE = {Chiral algebras and partition functions},
 BOOKTITLE = {Lie algebras, vertex operator algebras and their applications},
    SERIES = {Contemp. Math.},
    VOLUME = {442},
     PAGES = {401--410},
 PUBLISHER = {Amer. Math. Soc., Providence, RI},
      YEAR = {2007},
   MRCLASS = {81R10 (11F46 11Z05 81T30)},
  MRNUMBER = {2372575},
MRREVIEWER = {Lee-Peng Teo},
       URL = {https://doi.org/10.1090/conm/442/08538},
}
@article {MR623209,
    AUTHOR = {Polyakov, A. M.},
     TITLE = {Quantum geometry of bosonic strings},
   JOURNAL = {Phys. Lett. B},
  FJOURNAL = {Physics Letters. B},
    VOLUME = {103},
      YEAR = {1981},
    NUMBER = {3},
     PAGES = {207--210},
      ISSN = {0031-9163},
   MRCLASS = {81E99 (58D30 81G05 82A68)},
  MRNUMBER = {623209},
       URL = {https://doi.org/10.1016/0370-2693(81)90743-7},
}
@inproceedings {MR1225176,
    AUTHOR = {Voronov, Alexander A.},
     TITLE = {B{RST} cohomology: a new derived functor},
 BOOKTITLE = {Proceedings of the {XX}th {I}nternational {C}onference on
              {D}ifferential {G}eometric {M}ethods in {T}heoretical
              {P}hysics, {V}ol.\ 1, 2 ({N}ew {Y}ork, 1991)},
     PAGES = {905--912},
 PUBLISHER = {World Sci. Publ., River Edge, NJ},
      YEAR = {1992},
   MRCLASS = {17B56},
  MRNUMBER = {1225176},
}
@article {MR953828,
    AUTHOR = {Witten, Edward},
     TITLE = {Topological quantum field theory},
   JOURNAL = {Comm. Math. Phys.},
  FJOURNAL = {Communications in Mathematical Physics},
    VOLUME = {117},
      YEAR = {1988},
    NUMBER = {3},
     PAGES = {353--386},
      ISSN = {0010-3616},
   MRCLASS = {57R55 (58A10 58F30 58G30 81E99)},
  MRNUMBER = {953828},
MRREVIEWER = {Daniel S. Freed},
       URL = {http://projecteuclid.org/euclid.cmp/1104161738},
}
@incollection {MR3372474,
    AUTHOR = {Witten, Edward},
     TITLE = {Notes on holomorphic string and superstring theory measures of
              low genus},
 BOOKTITLE = {Analysis, complex geometry, and mathematical physics: in honor
              of {D}uong {H}. {P}hong},
    SERIES = {Contemp. Math.},
    VOLUME = {644},
     PAGES = {307--359},
 PUBLISHER = {Amer. Math. Soc., Providence, RI},
      YEAR = {2015},
   MRCLASS = {81T30 (14M30 32C11 58A50)},
  MRNUMBER = {3372474},
MRREVIEWER = {Frederik Witt},
       URL = {https://doi.org/10.1090/conm/644/12786},
}
@book {MR1648555,
    AUTHOR = {Polchinski, Joseph},
     TITLE = {String theory. {V}ol. {I}},
    SERIES = {Cambridge Monographs on Mathematical Physics},
      NOTE = {An introduction to the bosonic string},
 PUBLISHER = {Cambridge University Press, Cambridge},
      YEAR = {1998},
     PAGES = {xx+401},
      ISBN = {0-521-63303-6},
   MRCLASS = {81T30 (81-01 81-02 83E30)},
  MRNUMBER = {1648555},
MRREVIEWER = {Angel Maria Uranga},
       URL = {https://doi.org/10.1017/CBO9780511618123},
}

@unpublished{GJF, 
AUTHOR = {Gwilliam, Owen and Johnson-Freyd, Theo},
TITLE = {How to derive Feynman diagrams for finite-dimensional integrals directly from the BV formalism},
NOTE = {Available at \url{https://arxiv.org/abs/1202.1554}}
}

@book {CosBook,
    AUTHOR = {Costello, Kevin},
     TITLE = {Renormalization and effective field theory},
    SERIES = {Mathematical Surveys and Monographs},
    VOLUME = {170},
 PUBLISHER = {American Mathematical Society, Providence, RI},
      YEAR = {2011},
     PAGES = {viii+251},
      ISBN = {978-0-8218-5288-0},
   MRCLASS = {81T15 (58J90 81Q30 81T13 81T17 81T18 81T70)},
  MRNUMBER = {2778558},
MRREVIEWER = {Domenico Fiorenza},
       URL = {https://doi.org/10.1090/surv/170},
}

@unpublished{GGW,
AUTHOR = {Gwilliam, Owen and Gorbounov, Vassily and Williams, Brian},
TITLE = {{C}hiral differential operators via {B}atalin-{V}ilkovisky quantization},
Note = {Available at \url{https://arxiv.org/abs/1610.09657}},
}

@unpublished {wg2,
   AUTHOR = {Costello, Kevin},
     TITLE = {A geometric construction of the {W}itten genus, {II}},
 NOTE = {available at \url{http://arxiv.org/abs/1112.0816}},
}
